<collection xmlns='http://www.loc.gov/MARC21/slim' xmlns:xsi='http://www.w3.org/2001/XMLSchema-instance' xsi:schemaLocation='http://www.loc.gov/standards/marcxml/schema/MARC21slim.xsd'>
  <record xmlns="http://www.loc.gov/MARC21/slim">
    <leader>00000ctm a2200000Ia 4500</leader>
    <controlfield tag="001">on1083644123</controlfield>
    <controlfield tag="008">190130s1691    xx            000 0 ara d</controlfield>
    <datafield tag="040" ind1=" " ind2=" ">
      <subfield code="a">PLF</subfield>
      <subfield code="b">eng</subfield>
      <subfield code="e">amremm</subfield>
      <subfield code="c">PLF</subfield>
      <subfield code="d">PLF</subfield>
    </datafield>
    <datafield tag="035" ind1=" " ind2=" ">
      <subfield code="a">(PLF)2441499</subfield>
    </datafield>
    <datafield tag="099" ind1=" " ind2=" ">
      <subfield code="a">Lewis O 30</subfield>
    </datafield>
    <datafield tag="049" ind1=" " ind2=" ">
      <subfield code="a">PLFF</subfield>
    </datafield>
    <datafield tag="100" ind1="1" ind2=" ">
      <subfield code="6">880-01</subfield>
      <subfield code="a">Ḥalabī, Ibrāhīm ibn Muḥammad,</subfield>
      <subfield code="d">-1549 or 1550.</subfield>
    </datafield>
    <datafield tag="245" ind1="1" ind2="0">
      <subfield code="6">880-02</subfield>
      <subfield code="a">Multaqá al-abḥur.</subfield>
    </datafield>
    <datafield tag="260" ind1=" " ind2=" ">
      <subfield code="c">1691.</subfield>
    </datafield>
    <datafield tag="300" ind1=" " ind2=" ">
      <subfield code="a">268 leaves :</subfield>
      <subfield code="b">paper ;</subfield>
      <subfield code="c">195 x 115 (94 x 40) mm bound to 195 x 125 mm.</subfield>
    </datafield>
    <datafield tag="500" ind1=" " ind2=" ">
      <subfield code="a">Ms. codex.</subfield>
    </datafield>
    <datafield tag="520" ind1=" " ind2=" ">
      <subfield code="a">Clear copy of Ḥanafī law text in good condition with table of contents.</subfield>
    </datafield>
    <datafield tag="546" ind1=" " ind2=" ">
      <subfield code="a">Arabic.</subfield>
    </datafield>
    <datafield tag="500" ind1=" " ind2=" ">
      <subfield code="a">Title from introduction (f. 4r).</subfield>
    </datafield>
    <datafield tag="510" ind1="4" ind2=" ">
      <subfield code="a">Simsar, Muhammed Ahmed. Oriental manuscripts of the John Frederick Lewis Collection,</subfield>
      <subfield code="c">30.</subfield>
    </datafield>
    <datafield tag="500" ind1=" " ind2=" ">
      <subfield code="a">Foliation: Contemporary foliation in Hindu-Arabic numerals in red and black, upper left recto; catchwords lower left verso. Modern foliation in pencil added, top left recto. References in the record are to the modern foliation.</subfield>
    </datafield>
    <datafield tag="500" ind1=" " ind2=" ">
      <subfield code="a">Layout: 15 long lines; border-ruled. Frame-ruled with misṭarah. Three pages ruled in 12 x 6 grid in red and black for table of contents (f. 1v-2v).</subfield>
    </datafield>
    <datafield tag="500" ind1=" " ind2=" ">
      <subfield code="a">Script: Written in clear nastaʻlīq, pointed, unvocalized.</subfield>
    </datafield>
    <datafield tag="500" ind1=" " ind2=" ">
      <subfield code="a">Decoration: Rubrications in red. Textblock border-ruled in gold. Opening page is ruled as if for headpiece decoration (f. 3v)</subfield>
    </datafield>
    <datafield tag="500" ind1=" " ind2=" ">
      <subfield code="a">Binding: Bound in brown leather over pasteboard with flap (Type II). Embossed and gilt central mandorla inlay with gold tooled surrounding finials. Gold tooled frame. Flap has corresponding inlay and gold tooling. Title written onto bottom edge in black ink.</subfield>
    </datafield>
    <datafield tag="500" ind1=" " ind2=" ">
      <subfield code="a">Origin: Copied in Ramaḍān 1102 A.H (f. 266v).</subfield>
    </datafield>
    <datafield tag="500" ind1=" " ind2=" ">
      <subfield code="a">"E. A. Khouri 5037 Greene St. Germantown, Penna." (note in pencil, front flyleaf). Probably Elias Alexander Khouri.</subfield>
    </datafield>
    <datafield tag="541" ind1="1" ind2=" ">
      <subfield code="a">Gift of Anne Baker Lewis in 1933.</subfield>
    </datafield>
    <datafield tag="561" ind1="1" ind2=" ">
      <subfield code="a">Formerly owned by Sayyid ʻAbd Allāh, Shaykh al-Islām, known as Pîrîzâde (note on f. 1r).</subfield>
    </datafield>
    <datafield tag="561" ind1="1" ind2=" ">
      <subfield code="a">Sold at the auction of the Grand Vizier Ḥusayn Pāshā's property (note in pencil, f. [268]v).</subfield>
    </datafield>
    <datafield tag="561" ind1="1" ind2=" ">
      <subfield code="a">Formerly owned by John Frederick Lewis.</subfield>
    </datafield>
    <datafield tag="650" ind1=" " ind2="0">
      <subfield code="a">Islamic law</subfield>
      <subfield code="v">Early works to 1800.</subfield>
    </datafield>
    <datafield tag="650" ind1=" " ind2="0">
      <subfield code="a">Hanafites</subfield>
      <subfield code="v">Early works to 1800.</subfield>
    </datafield>
    <datafield tag="650" ind1=" " ind2="0">
      <subfield code="a">Manuscripts, Arabic</subfield>
      <subfield code="y">17th century.</subfield>
    </datafield>
    <datafield tag="655" ind1=" " ind2="7">
      <subfield code="a">Codices (bound manuscripts)</subfield>
      <subfield code="2">aat</subfield>
    </datafield>
    <datafield tag="655" ind1=" " ind2="7">
      <subfield code="a">Manuscripts (documents)</subfield>
      <subfield code="2">aat</subfield>
    </datafield>
    <datafield tag="700" ind1="0" ind2=" ">
      <subfield code="6">880-03</subfield>
      <subfield code="a">Pîrîzâde, Sayyid ʻAbd Allāh,</subfield>
      <subfield code="c">Shaykh al-Islām,</subfield>
      <subfield code="e">former owner.</subfield>
    </datafield>
    <datafield tag="700" ind1="1" ind2=" ">
      <subfield code="a">Khouri, Elias Alexander.</subfield>
      <subfield code="e">associated name.</subfield>
    </datafield>
    <datafield tag="700" ind1="1" ind2=" ">
      <subfield code="a">Lewis, Anne Baker,</subfield>
      <subfield code="d">1868-1937,</subfield>
      <subfield code="e">donor.</subfield>
    </datafield>
    <datafield tag="700" ind1="1" ind2=" ">
      <subfield code="a">Lewis, John Frederick,</subfield>
      <subfield code="d">1860-1932,</subfield>
      <subfield code="e">former owner.</subfield>
    </datafield>
    <datafield tag="710" ind1="2" ind2=" ">
      <subfield code="a">Free Library of Philadelphia.</subfield>
      <subfield code="b">Rare Book Department.</subfield>
      <subfield code="b">John Frederick Lewis collection of Oriental Manuscripts.</subfield>
    </datafield>
    <datafield tag="852" ind1=" " ind2=" ">
      <subfield code="b">Rare Book Department</subfield>
      <subfield code="a">Free Library of Philadelphia</subfield>
      <subfield code="e">Philadelphia</subfield>
      <subfield code="u">https://know.freelibrary.org/Record/2441499</subfield>
    </datafield>
    <datafield tag="880" ind1="1" ind2=" ">
      <subfield code="6">100-01/(3/r</subfield>
      <subfield code="a">حلبي، ابراهيم بن محمد،</subfield>
      <subfield code="d">-1549 أو 1550.</subfield>
    </datafield>
    <datafield tag="880" ind1="1" ind2="0">
      <subfield code="6">245-02/(3/r</subfield>
      <subfield code="a">ملتقى الأبحر.</subfield>
    </datafield>
    <datafield tag="880" ind1="0" ind2=" ">
      <subfield code="6">700-03/(4/r</subfield>
      <subfield code="a">پيرى‌زاده، سيد عبد الله،</subfield>
      <subfield code="c">شيخ الاسلام.</subfield>
    </datafield>
    <datafield tag="066" ind1=" " ind2=" ">
      <subfield code="c">(3</subfield>
      <subfield code="c">(4</subfield>
    </datafield>
  </record></collection>